@inproceedings{zaharia2012resilient,
  title={Resilient distributed datasets: A fault-tolerant abstraction for in-memory cluster computing},
  author={Zaharia, Matei and Chowdhury, Mosharaf and Das, Tathagata and Dave, Ankur and Ma, Justin and McCauley, Murphy and Franklin, Michael J and Shenker, Scott and Stoica, Ion},
  booktitle={Proceedings of the 9th USENIX conference on Networked Systems Design and Implementation},
  pages={2--2},
  year={2012},
  organization={USENIX Association}
}

@inproceedings{verma2015large,
  title={Large-scale cluster management at Google with Borg},
  author={Verma, Abhishek and Pedrosa, Luis and Korupolu, Madhukar and Oppenheimer, David and Tune, Eric and Wilkes, John},
  booktitle={Proceedings of the Tenth European Conference on Computer Systems},
  pages={18},
  year={2015},
  organization={ACM}
}

@article{zhang2023dreamface,
  title={Dreamface: Progressive generation of animatable 3d faces under text guidance},
  author={Zhang, Longwen and Qiu, Qiwei and Lin, Hongyang and Zhang, Qixuan and Shi, Cheng and Yang, Wei and Shi, Ye and Yang, Sibei and Xu, Lan and Yu, Jingyi},
  journal={arXiv preprint arXiv:2304.03117},
  year={2023}
}

@inproceedings{zhao2024media2face,
  title={Media2face: Co-speech facial animation generation with multi-modality guidance},
  author={Zhao, Qingcheng and Long, Pengyu and Zhang, Qixuan and Qin, Dafei and Liang, Han and Zhang, Longwen and Zhang, Yingliang and Yu, Jingyi and Xu, Lan},
  booktitle={ACM SIGGRAPH 2024 Conference Papers},
  pages={1--13},
  year={2024},
  keywords={mypub}
}